
@misc{noauthor_isnotetakingmoreeffectivewithakeyboardorapenpdf_nodate,
	title = {{isNoteTakingMoreEffectiveWithAKeyboardOrAPen}.pdf},
	url = {https://web.kamihq.com/web/viewer.html?source=filepicker&document_identifier=94804c63-292e-47a7-b9ca-16e3c05cc0fe&filename=isNoteTakingMoreEffectiveWithAKeyboardOrAPen.pdf},
	urldate = {2023-08-23},
	file = {Snapshot:/home/rnzl/Zotero/storage/HAV8TZ4V/viewer.html:text/html},
}
